@article{asdf,
author = {Coles, Patrick and Eidenbenz, Stephan and Pakin, Scott and Adedoyin, Adetokunbo and Ambrosiano, John and Anisimov, Petr and Casper, William and Chennupati, Gopinath and Coffrin, Carleton and Djidjev, Hristo and Gunter, David and Karra, Satish and Lemons, Nathan and Lin, Shizeng and Lokhov, Andrey and Malyzhenkov, Alexander and Mascarenas, David and Mniszewski, Susan and Nadiga, Balasubramanya and Zhu, Wei},
year = {2018},
month = {04},
pages = {},
title = {Quantum Algorithm Implementations for Beginners}
}

@article{farhi2014quantum,
  title={A quantum approximate optimization algorithm},
  author={Farhi, Edward and Goldstone, Jeffrey and Gutmann, Sam},
  journal={arXiv preprint arXiv:1411.4028},
  year={2014}
}

%%%%%%%%%%%%analisys
@article{alam2019analysis,
  title={Analysis of quantum approximate optimization algorithm under realistic noise in superconducting qubits},
  author={Alam, Mahabubul and Ash-Saki, Abdullah and Ghosh, Swaroop},
  journal={arXiv preprint arXiv:1907.09631},
  year={2019}
}

@article{Bengtsson_2020,
   title={Improved Success Probability with Greater Circuit Depth for the Quantum Approximate Optimization Algorithm},
   volume={14},
   ISSN={2331-7019},
   url={http://dx.doi.org/10.1103/PhysRevApplied.14.034010},
   DOI={10.1103/physrevapplied.14.034010},
   number={3},
   journal={Physical Review Applied},
   publisher={American Physical Society (APS)},
   author={Bengtsson, Andreas and Vikstål, Pontus and Warren, Christopher and Svensson, Marika and Gu, Xiu and Kockum, Anton Frisk and Krantz, Philip and Križan, Christian and Shiri, Daryoush and Svensson, Ida-Maria and et al.},
   year={2020},
   month={Sep}
}


@article{Lacroix_2020,
   title={Improving the Performance of Deep Quantum Optimization Algorithms with Continuous Gate Sets},
   volume={1},
   ISSN={2691-3399},
   url={http://dx.doi.org/10.1103/PRXQuantum.1.020304},
   DOI={10.1103/prxquantum.1.020304},
   number={2},
   journal={PRX Quantum},
   publisher={American Physical Society (APS)},
   author={Lacroix, Nathan and Hellings, Christoph and Andersen, Christian Kraglund and Di Paolo, Agustin and Remm, Ants and Lazar, Stefania and Krinner, Sebastian and Norris, Graham J. and Gabureac, Mihai and Heinsoo, Johannes and et al.},
   year={2020},
   month={Oct}
}

@misc{zhang2020qed,
      title={QED driven QAOA for network-flow optimization}, 
      author={Yuxuan Zhang and Ruizhe Zhang and Andrew C. Potter},
      year={2020},
      eprint={2006.09418},
      archivePrefix={arXiv},
      primaryClass={quant-ph}
}

@article{Guerreschi_2019,
   title={QAOA for Max-Cut requires hundreds of qubits for quantum speed-up},
   volume={9},
   ISSN={2045-2322},
   url={http://dx.doi.org/10.1038/s41598-019-43176-9},
   DOI={10.1038/s41598-019-43176-9},
   number={1},
   journal={Scientific Reports},
   publisher={Springer Science and Business Media LLC},
   author={Guerreschi, G. G. and Matsuura, A. Y.},
   year={2019},
   month={May}
}

@manual{fakevigo, title={ \url{https://qiskit.org/documentation/tutorials/simulators/2_device_noise_simulation.html}}}

@INPROCEEDINGS{8957201,

  author={R. {Shaydulin} and Y. {Alexeev}},

  booktitle={2019 Tenth International Green and Sustainable Computing Conference (IGSC)}, 

  title={Evaluating Quantum Approximate Optimization Algorithm: A Case Study}, 

  year={2019},

  volume={},

  number={},

  pages={1-6},

  doi={10.1109/IGSC48788.2019.8957201}}


@article{Vikst_l_2020, %airplane scheduling paper
   title={Applying the Quantum Approximate Optimization Algorithm to the Tail-Assignment Problem},
   volume={14},
   ISSN={2331-7019},
   url={http://dx.doi.org/10.1103/PhysRevApplied.14.034009},
   DOI={10.1103/physrevapplied.14.034009},
   number={3},
   journal={Physical Review Applied},
   publisher={American Physical Society (APS)},
   author={Vikstål, Pontus and Grönkvist, Mattias and Svensson, Marika and Andersson, Martin and Johansson, Göran and Ferrini, Giulia},
   year={2020},
   month={Sep}
}

@misc{alam2020accelerating, %Using ML to reduce the optimization loop in QAOA
      title={Accelerating Quantum Approximate Optimization Algorithm using Machine Learning}, 
      author={Mahabubul Alam and Abdullah Ash-Saki and Swaroop Ghosh},
      year={2020},
      eprint={2002.01089},
      archivePrefix={arXiv},
      primaryClass={cs.ET}
}

% LIMITATIONS OF QAOA.-----------------------------
@article{Guerreschi_2019,
   title={QAOA for Max-Cut requires hundreds of qubits for quantum speed-up},
   volume={9},
   ISSN={2045-2322},
   url={http://dx.doi.org/10.1038/s41598-019-43176-9},
   DOI={10.1038/s41598-019-43176-9},
   number={1},
   journal={Scientific Reports},
   publisher={Springer Science and Business Media LLC},
   author={Guerreschi, G. G. and Matsuura, A. Y.},
   year={2019},
   month={May}
}

@misc{hastings2019classical, %Hesting's article on the limitations of QAOA
      title={Classical and Quantum Bounded Depth Approximation Algorithms}, 
      author={M. B. Hastings},
      year={2019},
      eprint={1905.07047},
      archivePrefix={arXiv},
      primaryClass={quant-ph}
}

@manual{vigo_ref, title = {ibmq\_vigo v1.0.2, IBM Quantum team. Retrieved from \url{https://quantum-computing.ibm.com} (2020)}}.

@manual{starmon_ref, title = {QuTech. (2018). Quantum Inspire Home. Retrieved from Quantum Inspire: \url{https://www.quantum-inspire.com/}}}


Learning to Optimize VariationalQuantum Circuits to Solve Combinatorial Problems

Quantum Approximate Optimization Algorithm: Performance, Mechanism, andImplementation on Near-Term Devices
